<record><leader>00000cas a22000007a 4500</leader><controlfield tag="001">21232830</controlfield><controlfield tag="008">900319c19899999vauwn ne     s0   a0eng d</controlfield><datafield ind1=" " ind2=" " tag="010"><subfield code="a">sn2002061920</subfield></datafield><datafield ind1=" " ind2=" " tag="040"><subfield code="a">VPI</subfield><subfield code="b">eng</subfield><subfield code="c">VPI</subfield><subfield code="d">OCL</subfield><subfield code="d">NVK</subfield><subfield code="d">OCLCQ</subfield><subfield code="d">OCLCF</subfield><subfield code="d">OCLCO</subfield><subfield code="d">OCLCA</subfield></datafield><datafield ind1="1" ind2=" " tag="029"><subfield code="a">AU@</subfield><subfield code="b">000023506459</subfield></datafield><datafield ind1=" " ind2=" " tag="042"><subfield code="a">msc</subfield></datafield><datafield ind1=" " ind2=" " tag="043"><subfield code="a">n-us-va</subfield></datafield><datafield ind1=" " ind2=" " tag="090"><subfield code="a">LD5655.V8</subfield><subfield code="b">P73</subfield></datafield><datafield ind1="0" ind2="4" tag="245"><subfield code="a">The Preston journal.</subfield></datafield><datafield ind1=" " ind2=" " tag="260"><subfield code="a">[Blacksburg, Va. :</subfield><subfield code="b">Virginia Tech],</subfield><subfield code="c">1989-</subfield></datafield><datafield ind1=" " ind2=" " tag="300"><subfield code="a">v. :</subfield><subfield code="b">ill. ;</subfield><subfield code="c">36 cm.</subfield></datafield><datafield ind1="0" ind2=" " tag="362"><subfield code="a">Vol. 1, no. 1 (Aug. 28, 1989)-</subfield></datafield><datafield ind1=" " ind2=" " tag="500"><subfield code="a">Title from masthead.</subfield></datafield><datafield ind1=" " ind2=" " tag="500"><subfield code="a">"Serving the University and the greater Blacksburg community."</subfield></datafield><datafield ind1=" " ind2=" " tag="525"><subfield code="a">Accompanied by supplements.</subfield></datafield><datafield ind1="2" ind2="0" tag="610"><subfield code="a">Virginia Polytechnic Institute and State University</subfield><subfield code="v">Newspapers.</subfield></datafield><datafield ind1=" " ind2="0" tag="651"><subfield code="a">Blacksburg (Va.)</subfield><subfield code="v">Newspapers.</subfield></datafield><datafield ind1=" " ind2="7" tag="655"><subfield code="a">Newspapers.</subfield><subfield code="2">fast</subfield><subfield code="0">(OCoLC)fst01423814</subfield></datafield><datafield ind1="2" ind2="7" tag="610"><subfield code="a">Virginia Polytechnic Institute and State University.</subfield><subfield code="2">fast</subfield><subfield code="0">(OCoLC)fst00549617</subfield></datafield><datafield ind1=" " ind2="7" tag="651"><subfield code="a">Virginia</subfield><subfield code="z">Blacksburg.</subfield><subfield code="2">fast</subfield><subfield code="0">(OCoLC)fst01204779</subfield></datafield><datafield ind1="2" ind2=" " tag="710"><subfield code="a">Virginia Polytechnic Institute and State University.</subfield></datafield><datafield ind1=" " ind2=" " tag="752"><subfield code="a">United States</subfield><subfield code="b">Virginia</subfield><subfield code="c">Montgomery</subfield><subfield code="d">Blacksburg.</subfield></datafield></record>